{
  "leader": "03142cam a2200457 a 4500",
  "fields": [
    {
      "001": "ocm09619901\\"
    },
    {
      "003": "OCoLC"
    },
    {
      "005": "20211118130130.0"
    },
    {
      "008": "830525s1983\\\\\\\\nyua\\\\\\\\\\b\\\\\\\\001\\0\\eng\\\\"
    },
    {
      "010": {
        "ind1": "\\",
        "ind2": "\\",
        "subfields": [
          {
            "a": "   83011207 "
          }
        ]
      }
    },
    {
      "040": {
        "ind1": "\\",
        "ind2": "\\",
        "subfields": [
          {
            "a": "DLC"
          },
          {
            "b": "eng"
          },
          {
            "c": "DLC"
          },
          {
            "d": "BTCTA"
          },
          {
            "d": "BAKER"
          },
          {
            "d": "YDXCP"
          },
          {
            "d": "CLU"
          },
          {
            "d": "NLM"
          },
          {
            "d": "CGC"
          },
          {
            "d": "GEBAY"
          },
          {
            "d": "WQM"
          },
          {
            "d": "BDX"
          },
          {
            "d": "OCLCO"
          },
          {
            "d": "OCLCF"
          },
          {
            "d": "OCLCQ"
          },
          {
            "d": "OCLCO"
          },
          {
            "d": "OCLCQ"
          },
          {
            "d": "OCLCO"
          },
          {
            "d": "S2H"
          },
          {
            "d": "OCLCO"
          },
          {
            "d": "BUF"
          },
          {
            "d": "OCLCO"
          },
          {
            "d": "OCLCA"
          }
        ]
      }
    },
    {
      "016": {
        "ind1": "7",
        "ind2": "\\",
        "subfields": [
          {
            "a": "8303438"
          },
          {
            "2": "DNLM"
          }
        ]
      }
    },
    {
      "019": {
        "ind1": "\\",
        "ind2": "\\",
        "subfields": [
          {
            "a": "9577121"
          }
        ]
      }
    },
    {
      "020": {
        "ind1": "\\",
        "ind2": "\\",
        "subfields": [
          {
            "a": "0030615895"
          }
        ]
      }
    },
    {
      "020": {
        "ind1": "\\",
        "ind2": "\\",
        "subfields": [
          {
            "a": "9780030615894"
          }
        ]
      }
    },
    {
      "020": {
        "ind1": "\\",
        "ind2": "\\",
        "subfields": [
          {
            "a": "0275914143"
          }
        ]
      }
    },
    {
      "020": {
        "ind1": "\\",
        "ind2": "\\",
        "subfields": [
          {
            "a": "9780275914141"
          }
        ]
      }
    },
    {
      "035": {
        "ind1": "\\",
        "ind2": "\\",
        "subfields": [
          {
            "a": "(OCoLC)9619901"
          },
          {
            "z": "(OCoLC)9577121"
          }
        ]
      }
    },
    {
      "050": {
        "ind1": "0",
        "ind2": "4",
        "subfields": [
          {
            "a": "QM695.U74"
          },
          {
            "b": "S83 1983"
          }
        ]
      }
    },
    {
      "060": {
        "ind1": "0",
        "ind2": "0",
        "subfields": [
          {
            "a": "WJ 101"
          },
          {
            "b": "S832c 1983"
          }
        ]
      }
    },
    {
      "082": {
        "ind1": "0",
        "ind2": "4",
        "subfields": [
          {
            "a": "612.46"
          },
          {
            "b": "STE"
          }
        ]
      }
    },
    {
      "100": {
        "ind1": "1",
        "ind2": "\\",
        "subfields": [
          {
            "a": "Stephens, F. Douglas."
          }
        ]
      }
    },
    {
      "245": {
        "ind1": "1",
        "ind2": "0",
        "subfields": [
          {
            "a": "Congenital malformations of the urinary tract /"
          },
          {
            "c": "F. Douglas Stephens."
          }
        ]
      }
    },
    {
      "260": {
        "ind1": "\\",
        "ind2": "\\",
        "subfields": [
          {
            "a": "New York :"
          },
          {
            "b": "Praeger,"
          },
          {
            "c": "1983."
          }
        ]
      }
    },
    {
      "300": {
        "ind1": "\\",
        "ind2": "\\",
        "subfields": [
          {
            "a": "xiv, 577 pages :"
          },
          {
            "b": "illustrations ;"
          },
          {
            "c": "25 cm."
          }
        ]
      }
    },
    {
      "336": {
        "ind1": "\\",
        "ind2": "\\",
        "subfields": [
          {
            "a": "text"
          },
          {
            "b": "txt"
          },
          {
            "2": "rdacontent"
          }
        ]
      }
    },
    {
      "337": {
        "ind1": "\\",
        "ind2": "\\",
        "subfields": [
          {
            "a": "unmediated"
          },
          {
            "b": "n"
          },
          {
            "2": "rdamedia"
          }
        ]
      }
    },
    {
      "338": {
        "ind1": "\\",
        "ind2": "\\",
        "subfields": [
          {
            "a": "volume"
          },
          {
            "b": "nc"
          },
          {
            "2": "rdacarrier"
          }
        ]
      }
    },
    {
      "490": {
        "ind1": "1",
        "ind2": "\\",
        "subfields": [
          {
            "a": "Praeger scientific"
          }
        ]
      }
    },
    {
      "490": {
        "ind1": "1",
        "ind2": "\\",
        "subfields": [
          {
            "a": "Praeger special studies"
          }
        ]
      }
    },
    {
      "504": {
        "ind1": "\\",
        "ind2": "\\",
        "subfields": [
          {
            "a": "Includes bibliographical references (pages 553-567) and index."
          }
        ]
      }
    },
    {
      "505": {
        "ind1": "0",
        "ind2": "\\",
        "subfields": [
          {
            "a": "Normal and abnormal embryology of the cloaca -- Abnormal embryology -- cloacal dysgenesis -- Malformationfs of the external cloaca -- The male urethra -- Congentital intrinsic lesions of the posterior urethra -- Congenital intrinsic lesions of the anterior urethra -- Congenital intrinsic lesions of the female urethra -- Morphology and embryology of the bladder -- Anomalies of the baldder and paraureteral diverticula -- Embryology and morphology of the ureter -- Ureteral bud anomalies -- Persisting mesonephric duct -- Stenotic ureterocele on unduplicated ureters -- Megaureters -- Vesicoureteral reflux -- The felux ureter -- Primary obstructed megaureter -- Nonreflux nonobstructed megaureter -- Duplex urters -- Bifid uteters: an anatomical, physiological and clinical study -- Ureteroceles on duplex ureters -- Triplicate and quadruplicate ureters -- Ureterovascular dydronephrosis and the \"Aberrant\" renal vessels -- Normal embryology -- Fused kidneys: morphologic study and theory of embryogenesis -- Embryogenesis of anterior and lateral renal pelves and extraordinary renal fusions -- Duplex kidneys: a correlation of renal dysplasia with position of the ureteral orifice -- The ureteric orifice: the embryologic key to radiologic status of duplex kidneys -- Renal hypoplasia and dysplasia in infants with posterior urethral valves -- The pathogenesis of renal dysplasia -- Renal dysgenesis: a \"urologic\" classification -- Morphology and embryogenesis of the triad."
          }
        ]
      }
    },
    {
      "650": {
        "ind1": "\\",
        "ind2": "0",
        "subfields": [
          {
            "a": "Urinary organs"
          },
          {
            "x": "Abnormalities."
          }
        ]
      }
    },
    {
      "650": {
        "ind1": "\\",
        "ind2": "2",
        "subfields": [
          {
            "a": "Urinary Tract"
          },
          {
            "x": "abnormalities."
          }
        ]
      }
    },
    {
      "650": {
        "ind1": "\\",
        "ind2": "7",
        "subfields": [
          {
            "a": "Urinary organs"
          },
          {
            "x": "Abnormalities."
          },
          {
            "2": "fast"
          },
          {
            "0": "(OCoLC)fst01162936"
          }
        ]
      }
    },
    {
      "776": {
        "ind1": "0",
        "ind2": "8",
        "subfields": [
          {
            "i": "Online version:"
          },
          {
            "a": "Stephens, F. Douglas."
          },
          {
            "t": "Congenital malformations of the urinary tract."
          },
          {
            "d": "New York : Praeger, 1983"
          },
          {
            "w": "(OCoLC)562969394"
          }
        ]
      }
    },
    {
      "830": {
        "ind1": "\\",
        "ind2": "0",
        "subfields": [
          {
            "a": "Praeger scientific."
          }
        ]
      }
    },
    {
      "830": {
        "ind1": "\\",
        "ind2": "0",
        "subfields": [
          {
            "a": "Praeger special studies."
          }
        ]
      }
    },
    {
      "994": {
        "ind1": "\\",
        "ind2": "\\",
        "subfields": [
          {
            "a": "Z0"
          },
          {
            "b": "NYRVC"
          }
        ]
      }
    },
    {
      "948": {
        "ind1": "\\",
        "ind2": "\\",
        "subfields": [
          {
            "h": "NO HOLDINGS IN NYRVC - 100 OTHER HOLDINGS"
          }
        ]
      }
    },
    {
      "999": {
        "ind1": "\\",
        "ind2": "\\",
        "subfields": [
          {
            "a": "no barcode"
          }
        ]
      }
    }
  ]
}